<record><leader>00000cas a22000007a 4500</leader><controlfield tag="001">21467442</controlfield><controlfield tag="008">900502d18951931nhuwr ne      0    0eng d</controlfield><datafield ind1=" " ind2=" " tag="010"><subfield code="a">sn 90062240 </subfield></datafield><datafield ind1=" " ind2=" " tag="040"><subfield code="a">NVH</subfield><subfield code="b">eng</subfield><subfield code="c">NVH</subfield><subfield code="d">OCLCQ</subfield></datafield><datafield ind1=" " ind2=" " tag="042"><subfield code="a">msc</subfield></datafield><datafield ind1="0" ind2="4" tag="245"><subfield code="a">The Suncook press.</subfield></datafield><datafield ind1=" " ind2=" " tag="260"><subfield code="a">Suncook, N.H. :</subfield><subfield code="b">E. Lane</subfield></datafield><datafield ind1=" " ind2=" " tag="300"><subfield code="a">v.</subfield></datafield><datafield ind1=" " ind2=" " tag="310"><subfield code="a">Weekly</subfield></datafield><datafield ind1="0" ind2=" " tag="362"><subfield code="a">Vol. 1, no. 0 (Dec. 14, 1895)-v. 36, no. 16 (Apr. 18, 1931).</subfield></datafield><datafield ind1=" " ind2=" " tag="515"><subfield code="a">First three issues all numbered Vol. 1, no. 0 (Dec. 14-28, 1895), 4th issue comprises v. 1, no. 1 (Jan. 4, 1896).</subfield></datafield><datafield ind1=" " ind2=" " tag="752"><subfield code="a">United States</subfield><subfield code="b">New Hampshire</subfield><subfield code="c">Merrimack</subfield><subfield code="d">Suncook.</subfield></datafield></record>